<?xml version="1.0" encoding="UTF-8"?><collection xmlns="http://www.loc.gov/MARC21/slim"><record><leader>00449nam--2200169-u-4500</leader><controlfield tag="001">000050607</controlfield><controlfield tag="002">20161230</controlfield><controlfield tag="005">20161230201048</controlfield><controlfield tag="008">071127s1000------------r-----000-0-eng-d</controlfield><datafield ind1=" " ind2=" " tag="040"><subfield code="a">IFIN-HH</subfield></datafield><datafield ind1=" " ind2=" " tag="080"><subfield code="a">519.71</subfield></datafield><datafield ind1="1" ind2=" " tag="100"><subfield code="a">Fomin,V.N</subfield></datafield><datafield ind1="1" ind2="0" tag="245"><subfield code="a">Matematicheskaya Teoriya Obuchaemykh Opozhayushchih sistem</subfield></datafield><datafield ind1=" " ind2=" " tag="260"><subfield code="a">Lenungrad</subfield><subfield code="b">Izdatekstvo Leningradskogo Yniversiteta</subfield><subfield code="c">1976</subfield></datafield><datafield ind1=" " ind2=" " tag="300"><subfield code="a">234 p</subfield></datafield><datafield ind1=" " ind2=" " tag="852"><subfield code="c">51</subfield></datafield><datafield ind1=" " ind2=" " tag="CAT"><subfield code="a">Sys</subfield><subfield code="c">20071127</subfield><subfield code="h">113810</subfield></datafield></record></collection>